@article{anthes1977cumulus,
    title={A cumulus parameterization scheme utilizing a one-dimensional cloud model},
    author={Anthes, Richard A},
    journal={Monthly Weather Review},
    volume={105},
    number={3},
    pages={270--286},
    year={1977}
}

@article{arakawa2013unified,
    title={A unified representation of deep moist convection in numerical modeling of the atmosphere. Part I},
    author={Arakawa, Akio and Wu, Chien-Ming},
    journal={Journal of the Atmospheric Sciences},
    volume={70},
    number={7},
    pages={1977--1992},
    year={2013}
}

@article{efstathiou2016grey,
  title={Grey zone simulations of the morning convective boundary layer development},
  author={Efstathiou, GA and Beare, RJ and Osborne, S and Lock, AP},
  journal={Journal of Geophysical Research: Atmospheres},
  volume={121},
  number={9},
  pages={4769--4782},
  year={2016},
  publisher={Wiley Online Library}
}
@article{boutle2014seamless,
  title={Seamless stratocumulus simulation across the turbulent gray zone},
  author={Boutle, IA and Eyre, JEJ and Lock, AP},
  journal={Monthly Weather Review},
  volume={142},
  number={4},
  pages={1655--1668},
  year={2014}
}
@article{priestley1993quasi,
  title={A quasi-conservative version of the semi-Lagrangian advection scheme},
  author={Priestley, A},
  journal={Monthly Weather Review},
  volume={121},
  number={2},
  pages={621--629},
  year={1993}
}

@article{zerroukat2010simple,
  title={A simple mass conserving semi-Lagrangian scheme for transport problems},
  author={Zerroukat, M},
  journal={Journal of Computational Physics},
  volume={229},
  number={24},
  pages={9011--9019},
  year={2010},
  publisher={Elsevier}
}
@book{stensrud2009parameterization,
  title={Parameterization schemes: keys to understanding numerical weather prediction models},
  author={Stensrud, DJ},
  year={2009},
  publisher={Cambridge University Press}
}

@article{arakawa2004cumulus,
  title={The cumulus parameterization problem: Past, present, and future},
  author={Arakawa, A},
  journal={Journal of Climate},
  volume={17},
  number={13},
  pages={2493--2525},
  year={2004}
}

@article{zerroukat2015monotonic,
  title={On the monotonic and conservative transport on overset/Yin--Yang grids},
  author={Zerroukat, M and Allen, T},
  journal={Journal of Computational Physics},
  volume={302},
  pages={285--299},
  year={2015},
  publisher={Elsevier}
}

@article{cohen2006fluctuations,
  title={Fluctuations in an equilibrium convective ensemble. Part II: Numerical experiments},
  author={Cohen, BG and Craig, GC},
  journal={Journal of the atmospheric sciences},
  volume={63},
  number={8},
  pages={2005--2015},
  year={2006}
}

@article{craig2006fluctuations,
  title={Fluctuations in an equilibrium convective ensemble. Part I: Theoretical formulation},
  author={Craig, GC and Cohen, BG},
  journal={Journal of the atmospheric sciences},
  volume={63},
  number={8},
  pages={1996--2004},
  year={2006}
}


@article{holloway2014understanding,
    title={Understanding and representing atmospheric convection across scales: recommendations from the meeting held at Dartington Hall, Devon, UK, 28--30 January 2013},
    author={Holloway, Christopher E and Petch, Jon C and Beare, Robert J and Bechtold, Peter and Craig, George C and Derbyshire, Stephen H and Donner, Leo J and Field, Paul R and Gray, Suzanne L and Marsham, John H and others},
    journal={Atmospheric Science Letters},
    volume={15},
    number={4},
    pages={348--353},
    year={2014},
    publisher={Wiley Online Library}
}

@article{fritsch1980numerical,
    title={Numerical prediction of convectively driven mesoscale pressure systems. Part I: Convective parameterization},
    author={Fritsch, J Michael and Chappell, Charles F},
    journal={Journal of the Atmospheric Sciences},
    volume={37},
    number={8},
    pages={1722--1733},
    year={1980}
}

@article{tiedtke1989comprehensive,
    title={A comprehensive mass flux scheme for cumulus parameterization in large-scale models},
    author={Tiedtke, M},
    journal={Monthly Weather Review},
    volume={117},
    number={8},
    pages={1779--1800},
    year={1989}
}

@article{gregory1990mass,
    title={A mass flux convection scheme with representation of cloud ensemble characteristics and
    stability-dependent closure},
    author={Gregory, D and Rowntree, PR},
    journal={Monthly Weather Review},
    volume={118},
    number={7},
    pages={1483--1506},
    year={1990}
}

@article{plant2008stochastic,
    title={A stochastic parameterization for deep convection based on equilibrium statistics},
    author={Plant, RS and Craig, GC},
    journal={Journal of the Atmospheric Sciences},
    volume={65},
    number={1},
    pages={87--105},
    year={2008}
}

@article{sakradzija2016stochastic,
    title={A stochastic scale-aware parameterization of shallow cumulus convection across the convective gray zone},
    author={Sakradzija, M and Seifert, A and Dipankar, A},
    journal={Journal of Advances in Modeling Earth Systems},
    year={2016},
    publisher={Wiley Online Library}
}

@article{arakawa1974interaction,
    title={Interaction of a cumulus cloud ensemble with the large-scale environment, Part I},
    author={Arakawa, A and Schubert, WH},
    journal={Journal of the Atmospheric Sciences},
    volume={31},
    number={3},
    pages={674--701},
    year={1974}
}

@article{ching2014convectively,
    title={Convectively induced secondary circulations in fine-grid mesoscale numerical weather prediction models},
    author={Ching, J and Rotunno, R and LeMone, M and Martilli, A and Kosovic, B and Jimenez, PA and Dudhia, J},
    journal={Monthly Weather Review},
    volume={142},
    number={9},
    pages={3284--3302},
    year={2014}
}

@article{rotunno1988theory,
  title={A theory for strong, long-lived squall lines},
  author={Rotunno, R and Klemp, JB and Weisman, ML},
  journal={Journal of the Atmospheric Sciences},
  volume={45},
  number={3},
  pages={463--485},
  year={1988}
}

@article{rayleigh1916lix,
  title={LIX. On convection currents in a horizontal layer of fluid, when the higher temperature is on the under side},
  author={Rayleigh, Lord},
  journal={The London, Edinburgh, and Dublin Philosophical Magazine and Journal of Science},
  volume={32},
  number={192},
  pages={529--546},
  year={1916},
  publisher={Taylor \& Francis}
}

@article{lorenz1963deterministic,
  title={Deterministic nonperiodic flow},
  author={Lorenz, Edward N},
  journal={Journal of the atmospheric sciences},
  volume={20},
  number={2},
  pages={130--141},
  year={1963}
}

@incollection{redelsperger1997mesoscale,
  title={The mesoscale organization of deep convection},
  author={Redelsperger, J-L},
  booktitle={The Physics and Parameterization of Moist Atmospheric Convection},
  pages={59--98},
  year={1997},
  publisher={Springer}
}

@article{manabe1965simulated,
  title={Simulated climatology of a general circulation model with a hydrologic cycle 1},
  author={Manabe, S and Smagorinsky, J and Strickle, RF},
  journal={Monthly Weather Review},
  volume={93},
  number={12},
  pages={769--798},
  year={1965}
}

@article{betts1986new,
  title={A new convective adjustment scheme. Part II: Single column tests using GATE wave, BOMEX, ATEX and arctic air-mass data sets},
  author={Betts, AK and Miller, MJ},
  journal={Quarterly Journal of the Royal Meteorological Society},
  volume={112},
  number={473},
  pages={693--709},
  year={1986},
  publisher={Wiley Online Library}
}

@incollection{kain1993convective,
  title={Convective parameterization for mesoscale models: The Kain-Fritsch scheme},
  author={Kain, John S and Fritsch, J Michael},
  booktitle={The representation of cumulus convection in numerical models},
  pages={165--170},
  year={1993},
  publisher={Springer}
}
